@online{Adams18,
  author =       "Hayden Adams",
  year =         "2018",
  month =        nov,
  title =        "Uniswap v1 Core",
  url =          "https://hackmd.io/@HaydenAdams/HJ9jLsfTz",
  lastaccessed = "Jun 12, 2023",
}

@online{Adams20,
  author =       "Hayden Adams and Noah Zinsmeister and Dan Robinson",
  year =         "2020",
  month =        mar,
  title =        "Uniswap v2 Core",
  url =          "https://uniswap.org/whitepaper.pdf",
  lastaccessed = "Jun 12, 2023",
}

@online{Adams21,
  author =       "Hayden Adams and Noah Zinsmeister and Moody Salem and River Keefer and Dan Robinson",
  year =         "2021",
  month =        mar,
  title =        "Uniswap v3 Core",
  url =          "https://uniswap.org/whitepaper-v3.pdf",
  lastaccessed = "Jun 12, 2023",
}

@online{White2021,
  author =       "Dave White and Dan Robinson and Hayden Adams",
  year =         "2021",
  month =        jul,
  title =        "TWAMM",
  url =          "https://www.paradigm.xyz/2021/07/twamm",
  lastaccessed = "Jun 12, 2023",
}

@online{Akhunov2018,
  author =       "Alexey Akhunov and Moody Salem",
  year =         "2018",
  month =        jun,
  title =        "EIP-1153: Transient storage opcodes",
  url =          "https://eips.ethereum.org/EIPS/eip-1153",
  lastaccessed = "Jun 12, 2023",
}

@online{Buterin2021,
  author =       "Vitalik Buterin and Martin Swende",
  year =         "2021",
  month =        apr,
  title =        "EIP-3529: Reduction in refunds",
  url =          "https://eips.ethereum.org/EIPS/eip-3529",
  lastaccessed = "Jun 12, 2023",
}

@article{adams2024amm,
  title={am-AMM: An Auction-Managed Automated Market Maker},
  author={Adams, Austin and Moallemi, Ciamac and Reynolds, Sara and Robinson, Dan},
  journal={arXiv preprint arXiv:2403.03367},
  year={2024}
}

@online{Adams23,
  title={Uniswap v4 Core [Draft]},
  author={Adams, Hayden and Salem, Moody and Zinsmeister, Noah and Reynolds, Sara and Adams, Austin and Pote, Will and Toda, Mark and Henshaw, Alice and Williams, Emily and Robinson, Dan},
  year={2023},
  url =          "https://github.com/Uniswap/v4-core/blob/main/docs/whitepaper-v4.pdf",
}

@online{oh2023digital,
  title={Digital Veblen Goods},
  url = "https://papers.ssrn.com/sol3/papers.cfm?abstract_id=4042901",
  author={Oh, Sebeom and Rosen, Samuel and Zhang, Anthony Lee},
  year={2023}
}

@article{moallemi2024loss,
  title={Loss-Versus-Fair: Efficiency of Dutch Auctions on Blockchains},
  author={Moallemi, Ciamac C and Robinson, Dan},
  journal={arXiv preprint arXiv:2406.00113},
  year={2024}
}

@online{frankie2022gda,
  author =       "Frankie and Dan Robinson and Dave White and andy8052",
  year =         "2022",
  month =        apr,
  title =        "Gradual Dutch Auctions",
  url =          "https://www.paradigm.xyz/2022/04/gda",
  lastaccessed = "Jul 16, 2024",
}

@misc{komo2024shillproofauctions,
      title={Shill-Proof Auctions}, 
      author={Andrew Komo and Scott Duke Kominers and Tim Roughgarden},
      year={2024},
      eprint={2404.00475},
      archivePrefix={arXiv},
      primaryClass={econ.TH},
      url={https://arxiv.org/abs/2404.00475}, 
}


@misc{fox2023,
      title={Censorship Resistance in On-Chain Auctions}, 
      author={Elijah Fox and Mallesh Pai and Max Resnick},
      year={2023},
      eprint={2301.13321},
      archivePrefix={arXiv},
      url={https://arxiv.org/abs/2301.13321}, 
}

@online{t112022vrgda,
  author =       " Transmissions11 and Frankie and Dave White",
  year =         "2022",
  month =        aug,
  title =        "Variable Rate GDAs",
  url =          "https://www.paradigm.xyz/2022/08/vrgda",
  lastaccessed = "Jul 16, 2024",
}

@online{adamsuniswapx,
  author =       "Hayden Adams and Noah Zinsmeister and Mark Toda and Emily Williams and Xin Wan and Matteo Leibowitz and Will Pote and Allen Lin and Eric Zhong and Zhiyuan Yang and Riley Campbell and Alex Karys and Dan Robinson",
  year =         "2023",
  month =        aug,
  title =        "Uniswapx",
  url =          "https://uniswap.org/whitepaper-uniswapx.pdf",
  lastaccessed = "Jul 16, 2024",
}
@online{1inchfusion,
  author =       "1inch",
  year =         "2022",
  title =        "Fusion",
  url =          "https://docs.1inch.io/docs/fusion-swap/introduction/",
  lastaccessed = "Jul 16, 2024",
}
